@book{praktikum,
  title = {Physikalisches Praktikum Teil IV:\\Atome, Moleküle, Festkörper},
  date = "2025-04-15",
  addendum = "Uni Bonn",
}

@article{codata,
  author       = {Tiesinga, Eite and Mohr, Peter J. and Newell, David B. and others},
  title        = {CODATA Recommended Values of the Fundamental Physical Constants: 2018},
  journal      = {J.\ Phys.\ Chem.\ Ref.\ Data},
  year         = {2021},
  doi          = {10.1063/5.0064853},
  note         = {Zugriff am 04. Juli 2025},
}

@book{introtoED,
  author = {David J. Griffiths},
  publisher = {Cambridge University Press},
  title = {Introduction to Electrodynamics. 4th edn},
  year = {2017},
  isbn = {9781108333511},
}


@book{demtröder,
  title = {Demtröder, Experimentalphysik 2},
  date = "2025-05-05",
  ISBN = "978-3-642-29944-5",
}


@misc{Tunneleff,
  title        = {Tunneleffekt diagram},
  url          = "https://commons.wikimedia.org/wiki/File:Schr%C3%B6dinger-Gl_13_stetige_Zustandsfunktion;_Tunneleffekt.png",
  note         = {Zugriff am 03. Juni 2025},
}



@book{artofelectronics,
  author = {P. Horowitz and W. Hill},
  publisher = {Cambridge University Press},
  title = {The Art of Electronics},
  year = {1989},
  isbn = {978-0-521-37095-0},
}


@misc{LeifiPhysik,
  author       = {},
  title        = {},
  howpublished = {},
  note         = {},
  year         = 2025
}

@book{Demtröder_Ex3,
  author    = {Wolfgang Demtröder},
  title     = {Experimentalphysik 3},
  year      = {2016},
  publisher = {Springer},
  address   = {Berlin},
  isbn      = {978-3-662-49093-8}
}

@online{Astro,
  author    = {torsten.roehl},
  title     = {aufloesungsvermoegen_eines_gitters_resolving_power},
  year      = {2023},
  url       = {http://wiki.linux-astronomie.de/doku.php?id=aufloesungsvermoegen_eines_gitters_resolving_power},
  note      = {Zugriff am 18. Mai 2025}
}

@online{Ulm,
  author    = {Universität Ulm},
  title     = {Balmer-Serie von Wasserstoff und Deuterium},
  year      = {2005},
  url       = {https://vorsam.uni-ulm.de/vs/Versuche/AT/PDF/AT036F00.PDF},
  note      = {Zugriff am 18. Mai 2025}
}


@online{balmer-Serie,
  author    = {Karthikeyan KC},
  title     = {What Is Hydrogen-alpha?},
  year      = {2018},
  url       = {https://geekswipe.net/science/astronomy/hydrogen-alpha-explanation-and-applications/},
  note      = {Zugriff am 18. Mai 2025}
}

@online{Tunnelstrom,
  author    = {Dipl.-Chem. Marcel Lang
},
  title     = {Bestimmung der Abstandsabhängigkeit
des Tunnelstroms zur Charakterisierung
von Einzelmolekülkontakten und zur
Untersuchung der elektrochemischen
Grenzschicht in Ionischen Flüssigkeiten
auf Gold(111)
},
  year      = {2019},
  url       = {https://core.ac.uk/download/pdf/270088207.pdf},
  note      = {Zugriff am 02.06.2025}
}
@online{Temperatur,
  author    = {Prof. Dr. Rainer Müller},
  title     = {Nachweis des Tunnelstroms},
  year      = {1988},
  url       = {https://www.milq.info/m47_nachweis_des_tunnelstroms/},
  note      = {Zugriff am 02.06.2025}
}

@online{RTM,
  author    = {Duden Learnattack GmbH},
  title     = {Rastertunnelmikroskop},
  year      = {2025},
  url       = {https://learnattack.de/schuelerlexikon/physik/rastertunnelmikroskop},
  note      = {Zugriff am 02.06.2025}
}
@online{piezo,
  author    = {Philipp Ritt},
  title     = {Das Rastertunnelmikroskop und seine Verwandten},
  year      = {2002},
  url       = {https://home.degnet.de/metten_gym/physik/Facharbeit1.htm},
  note      = {Zugriff am 02.06.2025}
}
@online{boltzmann,
  author    = {Sabine Bartels, Ruth Karcher, Sonja Nagel},
  title     = {Boltzmann-Konstante},
  year      = {1998},
  url       = {https://www.spektrum.de/lexikon/chemie/boltzmann-konstante/1253},
  note      = {Zugriff am 23.06.2025}
}
@online{Gitterformel,
  author    = {Marc Evers},
  title     = {Das optische Gitter},
  year      = {2021},
  url       = {https://physikunterricht-online.de/jahrgang-11/das-optische-gitter/},
  note      = {letzter Zugriff am 08.07.2025 8:15}
}
@online{Malus,
  author    = {FWU Institut für Film und Bild in Wissenschaft und Unterricht},
  title     = {Polarisation},
  year      = {2025},
  url       = {https://www.leifiphysik.de/optik/polarisation/grundwissen/gesetz-von-malus},
  note      = {letzter Zugriff am 08.07.2025 8:20}
}