@book{praktikum,
  title = {Physikalisches Praktikum Teil IV:\\Atome, Moleküle, Festkörper},
  date = "2025-04-15",
  addendum = "Uni Bonn",
}
@book{demtröder,
  title = {Demtröder, Experimentalphysik 2},
  date = "2025-05-05",
  ISBN = "978-3-642-29944-5",
}


@Article{Spannungsteiler,
  title        = {Spannungsteiler},
  date         = "18.05.2025, 12:00",
  url          = "https://www.homofaciens.de/technics-base-circuits-voltage-divider_ge.htm",
}
@Article{CIAAW,
  title        = {},
  date         = "",
  url          = "",
}


@misc{LeifiPhysik,
  author       = {},
  title        = {},
  howpublished = {},
  note         = {},
  year         = 2025
}